2002 3230
366 325 423 367 88

325 450 333 458 .
369 411 517 473 Quod
542 419 726 462 mentes
753 411 1033 469 hominum,
1060 411 1292 478 fabatur,
1319 411 1386 462 acl
1412 421 1553 462 astra
1589 413 1843 480 ferantur,

365 489 505 541 Unde
541 489 681 558 fuere
717 508 843 542 nove
880 509 1033 560 quum
1069 508 1290 559 corpora
1325 500 1503 543 nostra
1539 492 1765 542 subirent
1787 512 1806 551 ,-

367 568 515 630 Quod
553 568 707 620 libeat
740 570 899 621 niveis
938 570 1115 621 avibus
1151 588 1394 621 resonare
1433 570 1703 639 Caystrum

368 648 622 717 Temperie
659 649 789 701 coeli
826 650 994 709 laetis,
1033 659 1080 701 et
1113 650 1245 702 valle
1277 651 1502 719 palustri
1513 671 1537 709 ;

366 731 516 795 Quod
529 732 693 800 pisces
713 739 893 782 coeant
906 731 1102 800 pelayi,
1121 730 1427 799 pelaqusque
1446 731 1759 799 relinquant,
1779 730 1847 782 20

363 812 606 864 Flumina
643 829 743 879 qua
775 809 998 879 primurn
1033 809 1179 861 Nerei
1215 810 1436 878 confinia
1474 818 1710 877 tanqum,-

367 889 634 941 Caucason
656 888 929 955 Hyrcanae
954 886 1209 938 maculent
1233 887 1368 954 quod
1392 888 1637 955 sanquine
1663 888 1846 956 tiyres,

362 966 431 1018 Et
463 967 654 1035 Libyus
691 966 900 1018 coluber
936 965 1072 1034 quod
1107 983 1321 1034 squama
1356 975 1519 1018 vertat
1554 984 1763 1025 arenas,

361 1044 472 1096 Non
506 1045 669 1097 miror
677 1064 701 1104 ;
734 1062 855 1096 nam
892 1044 1070 1112 cuique
1104 1043 1308 1113 placent
1345 1044 1630 1113 conformia
1664 1044 1812 1107 vitae,

366 1125 565 1193 Tityre.-
604 1123 692 1175 secl
726 1123 900 1193 Mopso
937 1123 1122 1181 miror,
1159 1122 1413 1190 mirantur
1448 1131 1497 1173 et
1530 1140 1701 1174 omnes
1777 1122 1844 1174 25

363 1203 601 1254 Pastores
639 1202 733 1254 alii
765 1219 959 1253 mecum
995 1201 1167 1254 Sicula
1205 1219 1330 1253 arva
1367 1210 1608 1260 tenentes,

362 1283 522 1334 Arida
561 1282 837 1351 Cyclopum
867 1281 1110 1351 placeant
1145 1281 1281 1349 quod
1317 1300 1446 1333 saxa
1481 1283 1572 1333 sub
1609 1282 1782 1333 Aetna.

269 1761 333 1812 M.
360 1760 602 1811 Dixerat:
643 1767 689 1809 et
725 1757 947 1816 calidus,
985 1765 1030 1808 et
1067 1765 1266 1830 qutture
1303 1756 1479 1808 tardus
1516 1756 1695 1807 anhelo

357 1839 472 1891 Iam
508 1837 781 1890 Meliboeus
819 1837 962 1888 adest
974 1856 998 1895 ;
1034 1845 1079 1888 et
1113 1836 1228 1887 vix.-
1263 1835 1345 1887 En
1383 1835 1577 1904 Tityre,
1615 1834 1766 1892 dixit,

358 1918 571 1969 Irrisere
608 1935 747 1968 senes
775 1915 1028 1984 juvenilia
1066 1924 1295 1985 quttura,
1334 1923 1577 1984 quantum
1773 1912 1838 1964 30

359 1997 643 2064 Serqestum
679 2014 703 2046 e
729 1995 938 2064 scopulo
978 1995 1174 2047 vulsum
1209 1995 1367 2046 risere
1405 1994 1590 2047 Sicani.

269 2393 325 2443 T.
357 2391 480 2443 Tum
515 2391 685 2441 senior
719 2389 873 2441 viridi
909 2406 1091 2440 ormam
1128 2388 1187 2439 de
1225 2389 1406 2457 cespite
1444 2389 1633 2439 crinem

357 2470 590 2528 Sustulit,
629 2478 675 2520 et
704 2469 896 2538 patulis
934 2467 1128 2537 efflanti
1161 2468 1375 2519 naribus
1411 2468 1556 2536 infit.-

358 2549 396 2601 O
431 2549 642 2599 nimium
669 2547 903 2617 juvenis!
943 2547 1084 2610 Quae
1118 2564 1252 2598 nova
1289 2564 1446 2599 causa
1471 2546 1635 2615 coeqit

354 2627 620 2679 Pectoreos
658 2645 808 2680 cursu
843 2626 1026 2696 rapido
1064 2627 1135 2678 sic
1174 2643 1358 2694 anyere
1394 2625 1583 2693 folles?
1765 2623 1830 2674 35
