2002 3230
228 302 235 305 “
282 295 339 336 70

209 539 265 589 T.
298 539 337 589 0
372 538 671 596 Moelibaee,
710 537 861 589 decus
897 546 1069 589 vatum
1106 555 1301 606 quoque
1337 554 1519 588 nomen
1537 536 1590 586 in
1607 552 1763 586 auras

279 618 482 676 Fluxit,
521 627 567 668 et
601 618 881 668 insomnem
916 618 1000 668 vix
1036 617 1265 686 Mopsum
1299 635 1443 668 musa
1474 616 1683 686 pereqit.

281 699 594 756 Retuleram,
631 714 783 767 quum
819 698 890 748 sic
929 697 1066 748 dedit
1099 697 1386 765 indiqnatio
1423 712 1617 747 vocem.-

285 779 514 841 Quantos
552 778 753 828 balatus
790 777 969 835 colles,
1007 786 1053 827 et
1084 785 1238 845 prata
1274 777 1552 832 sonabunt,

282 857 337 908 Si
370 856 621 906 viridante
658 873 803 906 coma
837 855 1022 924 fidibus
1054 873 1258 924 paeana
1294 855 1451 906 ciebo.
1696 853 1764 903 40

283 935 380 987 Sed
417 937 618 987 timeam
653 935 837 993 saltus,
876 943 922 985 et
955 952 1081 986 rura
1115 935 1303 1002 iqnara
1339 932 1563 983 deorum.

281 1017 453 1067 Nonne
491 1014 819 1085 triumphales
854 1014 1033 1066 melius
1065 1031 1256 1082 peccare
1293 1011 1533 1081 capillos,

282 1095 348 1147 Et
379 1096 552 1164 patrio
589 1095 796 1147 redeam
831 1095 876 1146 si
911 1094 1142 1163 quando,
1180 1092 1491 1144 abscondere
1528 1107 1683 1142 canos

281 1175 491 1227 Fronde
528 1175 619 1228 sub
657 1177 851 1226 incerta
887 1174 1093 1225 solitum
1127 1172 1418 1242 flavescere,
1456 1170 1659 1224 Sarno?

194 1659 258 1709 Μ.
290 1654 405 1712 llle;
419 1655 529 1722 quis
555 1655 647 1705 hoc
675 1651 893 1705 dubitet?
903 1658 1115 1721 propter
1128 1648 1263 1718 quod
1277 1648 1468 1717 respice
1483 1656 1671 1715 tempu-s
1697 1643 1764 1695 45

289 1733 466 1791 Tilire,
505 1750 656 1800 quam
690 1732 837 1782 velox
850 1751 874 1789 ;
907 1747 1028 1781 nam
1056 1729 1170 1798 jam
1205 1745 1411 1779 senuero
1449 1726 1699 1794 capellae,

289 1813 427 1875 Quas
466 1812 783 1882 concepturis
821 1810 1050 1862 dedimus
1086 1827 1179 1860 nos
1213 1808 1463 1860 matribus
1500 1807 1682 1857 hircos.

201 2057 258 2107 T.
291 2052 427 2104 Tunc
466 2067 586 2117 eqo.-
625 2067 777 2117 quum
811 2047 987 2099 mundi
1023 2045 1320 2114 circumflua
1356 2061 1576 2114 corpora
1612 2054 1764 2096 cantu

284 2130 664 2197 Astricolaeque
699 2147 833 2186 meo,
869 2127 1004 2178 velut
1037 2125 1206 2194 infera
1239 2142 1422 2193 reyna,
1457 2125 1722 2192 patebunt,

283 2209 548 2262 Devincire
585 2217 735 2276 caput
769 2207 954 2258 hedera
990 2205 1236 2272 lauroque
1263 2202 1478 2272 juvabit.
1696 2203 1762 2254 50

289 2287 544 2340 Concedat
577 2285 817 2354 Mopsus?

198 2618 263 2669 M
807 2603 1008 2673 Mopsus
1045 2611 1159 2655 tunc
1197 2601 1306 2660 ille
1345 2598 1502 2669 quid?
1537 2599 1731 2668 inquit;

297 2684 503 2737 Comica
537 2701 703 2734 nonne
739 2681 876 2735 vides
912 2685 1075 2752 ipsum
1111 2680 1470 2751 reprehendere
1505 2678 1658 2729 verba
