2002 3230
1584 275 1664 319 141

479 400 708 414 ......
733 369 814 412 η’ὸ
845 373 998 426 questo
1029 366 1157 424 lungo
1192 373 1310 410 tanto
1343 365 1484 422 piene,

482 445 572 488 Che
605 450 721 487 tante
753 443 895 500 lingue
927 455 1017 486 non
1050 455 1127 484 son
1161 442 1237 484 ora
1271 453 1451 498 apprese

477 520 510 563 Α
545 519 663 562 dicer
695 519 788 574 sr‘pa
821 525 885 561 tra
919 517 1079 560 Savena
1112 530 1136 560 e
1167 516 1197 559 il
1232 516 1370 566 Ren03

267 681 358 716 non
381 683 506 714 senza
527 669 716 713 alludere
740 667 949 712 fors’anco
977 665 1058 708 alle
1092 671 1207 708 tante
1239 664 1355 720 genti
1390 662 1612 715 straniere,
1634 661 1688 705 ed

263 745 428 790 nomini
459 743 646 797 d'arme,
679 744 757 787 che
788 742 922 785 allora
944 730 1217 797 obcupavano
1249 739 1400 782 l'ltalia
1438 739 1478 780 in
1501 737 1685 794 servigio

264 819 330 862 del
355 819 414 863 Re
448 817 651 871 Roberto,
675 829 795 861 come
817 815 861 860 fu
885 813 1092 859 avvertito
1114 813 1189 871 ‘pini
1209 826 1350 871 sopra.
1628 810 1688 867 (*)

729 966 778 1009 P.
803 964 872 1007 72.
895 964 992 1021 qu.
1015 964 1051 1006 I.
1084 979 1119 1005 v.
1154 960 1224 1005 61.

367 1109 462 1163 426)
479 1105 583 1149 Nulli
597 1108 738 1160 juncta
758 1108 891 1159 gregi.
913 1107 1021 1155 Quia
1036 1119 1118 1146 non
1136 1106 1351 1148 invenitur
1367 1107 1484 1148 aliud
1495 1118 1598 1161 opus
1621 1107 1693 1146 bu-

260 1175 431 1216 colicum
454 1174 499 1214 in
519 1174 664 1227 linqua
689 1173 834 1213 latina.
1582 1171 1626 1211 C.
1646 1172 1692 1211 L.

358 1309 454 1362 427)
479 1310 636 1350 Intendi
656 1310 758 1362 dopo
777 1310 965 1361 Virgi1i03
995 1323 1058 1350 ma
1087 1310 1214 1350 allora
1232 1322 1313 1351 non
1332 1323 1455 1350 erano
1483 1318 1586 1350 state
1614 1323 1687 1363 per

261 1389 360 1417 anco
377 1384 561 1430 scopet-te
589 1377 813 1428 l'Egloghe
834 1378 870 1416 di
891 1376 1108 1417 calfurnio.
1639 1377 1686 1415 D.

363 1517 472 1573 428)
497 1518 634 1561 Credo
659 1518 1032 1570 viverentemente,
1055 1519 1131 1562 che
1153 1517 1317 1562 vadano
1350 1519 1477 1561 errati
1502 1517 1568 1561 del
1594 1518 1685 1574 par-i

258 1587 508 1635 l'Anonimo
545 1605 568 1633 e
602 1587 732 1633 Mons.
767 1591 947 1648 Dionigi.
981 1591 1062 1644 Qui
1096 1606 1181 1636 non
1215 1593 1249 1635 si
1283 1598 1412 1636 tratta
1445 1592 1558 1634 dello
1580 1591 1683 1634 scri-

262 1679 338 1710 ver
378 1667 421 1709 in
458 1665 664 1722 Egloghe,
700 1680 766 1709 ma
800 1680 897 1710 cose
931 1667 973 1708 in
1005 1667 1150 1724 lingua
1183 1667 1380 1723 volgare3
1415 1680 1438 1709 e
1471 1667 1507 1708 la
1540 1663 1685 1722 lingua

261 1742 434 1798 volgare
463 1742 486 1784 ὲ
520 1740 556 1783 la
589 1741 799 1797 pecorella
821 1741 1058 1794 gratissima
1091 1740 1143 1784 ed
1176 1739 1448 1783 abbondante
1482 1740 1523 1782 di
1556 1740 1683 1792 latte,

264 1815 308 1857 ‹li
331 1815 398 1858 cui
415 1814 447 1858 si
467 1815 732 1871 compiaceva
756 1813 1038 1870 giustamente
1071 1815 1100 1857 il
1134 1814 1527 1872 grand'Allighieri.
1546 1813 1687 1865 Quan-

267 1888 454 1931 d'anche
477 1888 547 1944 poi
579 1889 613 1931 si
653 1895 851 1932 trattasse
884 1888 1125 1946 d’Egloghe
1157 1889 1301 1941 latine,
1336 1901 1543 1931 ammesso
1567 1901 1689 1944 pure,

266 1962 344 2004 che
367 1962 512 2006 Dmrn
535 1963 594 2004 sia
628 1969 736 2006 stato
770 1963 796 2005 il
830 1964 968 2020 primo
1000 1977 1023 2005 a
1057 1962 1340 2006 richiamarne
1361 1962 1403 2005 lo
1437 1962 1580 2005 studio
1601 1962 1687 2006 ela

265 2036 439 2092 pratica,
475 2037 691 2091 venit-eme,
716 2037 793 2081 che
816 2052 838 2080 a
873 2037 973 2095 quel
1007 2044 1149 2094 tempo
1183 2051 1237 2080 ne
1269 2037 1456 2080 scriveva
1491 2037 1625 2080 anche
1656 2037 1687 2080 il

266 2109 432 2154 celebre
454 2119 575 2168 poeta
599 2112 747 2166 latino,
770 2125 793 2155 e
811 2125 889 2155 suo
907 2119 1282 2169 contemporaneo,
1305 2110 1502 2155 Mussato.
1627 2112 1687 2169 (*)

730 2259 780 2302 P.
802 2261 860 2303 id·
882 2262 980 2316 qu.
1010 2257 1047 2304 Ι.
1081 2279 1115 2304 v.
1150 2261 1221 2305 62.

364 2402 459 2455 429)
477 2402 640 2454 Sponte.
663 2401 782 2449 Quod
807 2402 927 2444 dicit.-
957 2418 998 2444 se
1028 2416 1109 2443 non
1137 2404 1308 2456 sufferre
1336 2403 1514 2442 laborem
1534 2403 1577 2442 in
1598 2417 1690 2442 car-

264 2465 371 2507 mine
390 2468 587 2517 bucolico,
613 2467 685 2507 sed
702 2481 728 2507 a
748 2475 903 2509 natura
925 2469 1086 2509 habere.
1582 2469 1625 2508 C.
1645 2469 1691 2507 L.

372 2590 479 2646 450)
501 2591 533 2634 E
557 2592 630 2648 qui
665 2604 769 2648 pure
790 2593 824 2635 si
856 2592 969 2650 vede¹
992 2592 1021 2635 1’
1034 2593 1238 2650 equivoco
1261 2605 1309 2634 su
1345 2593 1410 2636 cui
1445 2591 1684 2636 manifesta-

271 2671 411 2709 mente
444 2666 586 2709 insiste
619 2664 878 2710 l'Anonimo.
913 2667 945 2709 u
980 2680 1100 2713 verso
1132 2667 1325 2712 bucolico
1358 2669 1381 2709 ὁ
1413 2667 1532 2712 bensi
1558 2682 1682 2725 preso
