2002 3230
337 308 395 350 80

336 390 399 445 Ut
437 395 607 445 venias
647 394 787 446 locus
825 393 930 463 ipse
966 404 1141 446 vocat:
1179 396 1294 462 fons
1332 397 1567 448 humidus
1603 398 1739 449 intus

331 486 492 536 Antra
529 487 688 554 riqat,
721 502 850 554 quae
875 505 1003 538 saxa
1031 495 1224 554 tequnt,
1251 488 1473 554 virqulta
1509 487 1798 556 flabellant,

335 574 550 627 Circiter
586 577 858 645 oriqanum
894 575 1112 635 redolet,
1152 594 1349 645 quoque
1388 592 1546 629 cau-sa
1583 580 1785 647 soporis

333 667 505 717 Herba
537 667 811 736 papaveris
849 677 943 726 est,
982 665 1174 718 oblivia
1211 665 1433 736 qualiter
1470 667 1616 720 aiunt
1754 670 1820 720 55

337 755 501 807 Grata
539 774 744 808 creans.-
783 758 994 826 serpilla
1032 758 1125 808 tibi
1160 759 1445 809 substernet
1479 758 1674 816 Alexis,

336 848 495 909 Quem
534 847 762 900 Coridon
797 858 939 899 vocet
963 848 1069 916 ipse
1099 866 1312 916 roqem5
1342 850 1435 900 tibi
1467 850 1589 901 Nisa
1626 849 1823 900 lavabit

331 936 451 1004 Ipsa
483 938 637 1004 pedes
674 939 906 989 accincta
945 938 1129 995 libens,
1168 955 1476 1006 coenamque
1508 938 1735 1007 parabit.

335 1027 546 1079 Teaetilis
582 1030 704 1080 haec
741 1029 873 1079 inter
904 1028 1140 1097 piperino
1173 1027 1381 1096 pulvere
1417 1027 1604 1095 funqos

334 1120 583 1178 Condiet;
609 1129 656 1170 et
674 1121 931 1188 permixta
958 1119 1163 1170 doment
1184 1117 1345 1185 multa
1372 1117 1524 1176 allia,
1538 1118 1584 1168 si
1602 1135 1727 1186 quos
1755 1117 1822 1168 60

331 1207 578 1260 Forsitan
614 1205 907 1278 imprudens
943 1203 1219 1259 Meliboeus
1260 1206 1439 1275 leqerit
1472 1207 1650 1258 hortis.

333 1302 398 1353 Ut
434 1297 670 1351 comedas
708 1300 881 1368 apium
917 1298 1274 1349 memorabunt
1308 1298 1461 1348 mella
1498 1298 1726 1348 susurri:

331 1390 491 1441 Poma
530 1390 686 1457 leqes,
722 1388 969 1456 Nisaeque
1007 1406 1162 1455 qenas
1201 1389 1441 1455 equantia
1477 1387 1688 1438 mandes

330 1493 590 1561 Pluraque
627 1491 856 1558 servabis
892 1490 1052 1541 nimio
1092 1490 1300 1557 defensa
1338 1491 1537 1542 decore.

329 1583 542 1651 Jamque
567 1589 928 1651 superserpunt
951 1579 1166 1631 hederae
1191 1581 1457 1632 radicibus
1496 1589 1723 1638 antrum,
1757 1581 1823 1631 65

331 1674 475 1726 Serta
510 1681 700 1741 parata
738 1672 860 1723 tibi:
897 1671 1044 1722 nulla
1081 1679 1157 1721 est
1193 1689 1399 1722 cessura
1435 1671 1686 1739 voluptas.

331 1764 440 1814 Huc
479 1759 623 1820 ades,
662 1763 756 1813 huc
792 1761 1015 1820 venient,
1054 1762 1142 1830 qui
1180 1769 1224 1812 te
1255 1762 1513 1830 pervisere
1551 1762 1767 1830 qliscent

328 1853 598 1904 Parrhasii
624 1852 933 1920 juvenesque
970 1870 1127 1915 senes,
1166 1861 1213 1903 et
1248 1853 1480 1904 carmina
1518 1852 1641 1904 laeti

332 1944 432 2005 Qui
466 1961 598 1994 nova
634 1943 842 2001 mirari,
881 1943 1186 2011 cupiantque
1224 1943 1437 2011 antiqua
1475 1943 1663 1995 doceri.

328 2032 374 2082 Ii
410 2033 503 2083 tibi
538 2033 790 2084 silvestres
828 2051 1065 2101 capreas,
1104 2034 1143 2082 ii
1181 2042 1387 2099 terqora
1428 2033 1616 2083 lineum
1756 2031 1823 2083 70

334 2123 634 2174 Orbiculata
670 2123 859 2190 ferent,
