2002 3230
796 404 1007 448 DANTES
1035 409 1402 452 ALDIGHERIUS

629 526 652 567 J
678 526 710 567 Ο
736 526 770 568 H
796 525 825 568 A
849 526 939 569 N‘N
963 528 980 570 Ι
1023 527 1115 570 [)13
1169 528 1242 572 511
1267 528 1358 571 R.G
1383 529 1499 573 1121
1523 531 1556 571 0

983 652 1156 696 ECLOGA
1191 654 1219 696 1.

907 788 1040 819 Mon-sus
1058 798 1102 820 ET
1120 788 1279 821 annus.

359 899 616 969 Vidimus
654 918 705 967 in
742 917 882 984 ayris
920 917 1038 968 albo
1072 919 1295 985 patiente
1332 920 1500 972 lituris

352 998 522 1049 Pierio
562 997 789 1047 demulsa
826 998 941 1047 sinu
975 996 1325 1049 modulamina
1360 1000 1534 1057 nobis,

350 1076 507 1128 Forte
543 1084 854 1127 recensentes
885 1084 1064 1144 pastas
1102 1075 1160 1126 de
1196 1094 1336 1128 more
1374 1079 1596 1148 capellas
1609 1101 1633 1139 ;

356 1156 492 1206 Tunc
529 1172 619 1222 eqo
658 1154 749 1204 sub
788 1171 997 1222 quercu,
1033 1171 1172 1206 meus
1210 1164 1255 1206 et
1288 1156 1588 1217 Meliboeus,
1616 1177 1829 1212 eramus.

264 1472 329 1522 Μ.
354 1471 447 1521 Ille
485 1471 685 1539 quidem
723 1470 984 1539 (cupiebat
1020 1471 1150 1521 enim
1188 1473 1471 1523 conciscere
1509 1476 1736 1543 cantum)
1804 1475 1834 1525 5

359 1551 551 1620 Tityre,
590 1550 711 1618 quid
746 1550 971 1618 Mopsus,
1010 1550 1132 1618 quid
1166 1550 1662 1611 vulfi—Edissere,
1689 1553 1830 1606 dixit.

267 1792 325 1841 T.
354 1788 624 1846 RidebamJ
661 1786 830 1856 Mopse
843 1807 867 1847 ;
900 1788 1065 1855 mayis
1103 1795 1148 1838 et
1182 1789 1345 1856 maqis
1381 1789 1468 1839 ille
1499 1791 1775 1858 premebat·

356 1869 526 1919 Victus
565 1885 737 1919 amore
773 1868 875 1925 sui,
908 1868 1079 1936 posito
1115 1867 1200 1918 vix
1237 1867 1449 1936 denique
1483 1869 1616 1928 risu,

360 1947 517 2000 Stulte
545 1947 666 2015 quid
692 1946 923 1997 insanis?
947 1947 1155 2015 inquam
1167 1967 1192 2005 ;
1218 1954 1306 1999 tua
1331 1965 1457 1999 cura
1493 1948 1721 2016 capellae

358 2026 424 2076 Te
434 2025 605 2093 potius
616 2033 854 2093 poscunt,
864 2042 1170 2093 quamquam
1181 2025 1322 2076 mala
1336 2026 1549 2077 coenula
1564 2027 1741 2077 turbet.
1767 2027 1832 2078 ‘10

357 2103 558 2155 Pascua
595 2112 709 2154 sunt
743 2104 920 2171 iqnota
956 2104 1071 2162 tibi,
1110 2122 1237 2172 quae
1273 2104 1534 2156 Maenalus
1573 2106 1677 2156 alto

354 2182 547 2234 Vertice
585 2183 766 2233 declivi
801 2182 994 2235 celator
1028 2183 1161 2236 Solis
1198 2184 1478 2242 inumbrat,

350 2263 637 2314 Herbarum
671 2263 815 2313 vario
851 2261 1132 2330 florumque
1166 2263 1374 2331 impieta
1411 2264 1596 2316 colore.
1702 2330 1706 2335 ἱ

355 2340 550 2392 Circuit
583 2341 703 2392 haec
740 2340 959 2404 humilis,
997 2349 1044 2391 et
1079 2350 1234 2393 tectus
1270 2342 1453 2410 fronde
1489 2343 1690 2411 saliqna

351 2419 611 2489 Perpetuis
646 2420 819 2478 undis,
857 2439 888 2471 a
925 2437 1117 2472 summo
1154 2422 1384 2489 marqine
1419 2422 1560 2490 ripas
1762 2422 1829 2473 15

355 2497 556 2549 Rorans
593 2499 818 2550 alveolus
830 2519 854 2558 ;
890 2499 993 2567 qui,
1031 2518 1156 2568 quas
1191 2518 1337 2552 mons
1374 2500 1586 2570 desuper
1622 2502 1744 2559 edit,

356 2577 539 2645 Sponte
574 2579 731 2637 viam,
770 2597 870 2647 qua
904 2581 1041 2632 mitis
1078 2589 1179 2638 eat,
1217 2599 1268 2632 se
1303 2582 1422 2650 fecit
1459 2598 1720 2652 aquarum.

357 2656 558 2725 Mopsus
594 2658 647 2708 in
672 2658 747 2710 his
774 2659 893 2711 dum
919 2659 1054 2711 lenta
1079 2659 1226 2711 boves
1247 2678 1339 2728 per
1365 2662 1599 2728 qramina
1628 2659 1827 2720 ludunt,
