2002 3230
0 2775 33 2928 &Q

1599 271 1684 314 167

705 356 754 399 P.
788 355 860 400 92.
893 358 986 415 1¹19!-
1021 357 1080 400 11.
1117 374 1151 400 υ.
1177 356 1248 400 62.

371 430 465 483 291)
486 430 618 476 Nolis,
639 430 666 469 il
694 431 834 482 signor
852 429 952 472 Can.
972 430 1165 472 Bandini:
1194 432 1305 484 prius
1323 446 1331 471 :
1353 432 1501 479 nolles,
1523 431 1593 472 sed
1626 444 1694 484 po-

271 505 356 538 stea
374 506 601 539 correctum
620 506 704 539 est:
724 497 839 538 nolis.
1644 495 1693 535 D.

717 640 764 683 P.
801 640 859 683 ia.
891 639 988 695 qu.
1018 638 1080 682 11.
1111 655 1148 681 v.
1182 636 1254 680 65.

371 712 466 765 292)
484 712 711 753 Connexus.
725 710 787 752 Lo
810 718 934 750 stesso
953 710 1093 762 signer
1108 710 1331 751 Canonieo:
1348 711 1394 749 In
1413 709 1548 749 codice
1564 717 1697 749 tamen

267 779 420 830 potiusz
437 791 651 830 convexus,
668 790 787 830 quam
805 789 1022 816 connexus.
1638 775 1688 815 Ι).

722 919 772 964 Ρ.
805 920 862 962 id.
894 919 992 975 qu.
1024 918 1084 961 11.
1107 934 1144 961 v.
1167 917 1240 962 66.

371 991 465 1044 293)
484 992 701 1044 Pyreneus,
717 991 810 1031 dum
827 990 988 1031 vidisset
1003 990 1146 1032 Musas
1155 991 1330 1045 pluviali
1342 998 1534 1044 tempore,
1545 997 1586 1031 et
1599 1005 1698 1044 qua-

264 1057 300 1097 si
316 1064 524 1105 nocturno,
540 1057 647 1098 dixit
661 1058 717 1097 eis
735 1070 777 1097 se
794 1057 897 1097 velle
916 1070 985 1096 eas
999 1057 1270 1098 amicabiliter
1285 1063 1517 1110 acceptare,
1533 1063 1587 1108 et,
1600 1055 1696 1097 dum

265 1122 470 1162 intrarent
487 1123 658 1171 domum,
668 1122 754 1175 ipse
769 1135 838 1162 eas
857 1122 1029 1172 inclusit,
1037 1122 1172 1162 volens
1186 1123 1296 1162 solus
1312 1135 1382 1162 eas
1397 1121 1562 1161 habere.
1576 1121 1614 1161 Α
1618 1127 1634 1160 t
1649 1119 1700 1160 il-

270 1187 334 1226 lae
357 1188 616 1228 evolaverunt
635 1199 713 1240 per
730 1193 891 1234 tectum,
913 1194 954 1226 et
969 1187 1053 1234 ille,
1073 1188 1209 1228 volens
1227 1201 1298 1229 eas
1319 1188 1450 1242 sequi,
1467 1185 1641 1243 proiecit
1654 1201 1698 1227 se

259 1260 355 1304 post
369 1266 456 1300 eas,
478 1261 519 1294 et
533 1266 679 1308 maqno
696 1255 779 1296 ictu
800 1259 980 1294 mortuus
1000 1261 1070 1294 est.
1575 1252 1624 1295 C·
1643 1252 1691 1292 L.

363 1393 471 1448 294)
487 1392 601 1438 Sono
623 1394 727 1438 detti
751 1394 915 1440 Pit-enei
931 1395 944 1438 i
963 1396 1100 1440 monti
1124 1398 1202 1441 che
1224 1410 1434 1456 separano
1467 1398 1506 1442 la
1525 1398 1693 1456 Spagna

267 1467 381 1512 dalla
402 1468 593 1522 Francia,
617 1469 667 1512 ed
691 1468 850 1514 ebbero
873 1484 1001 1516 nome
1034 1472 1143 1516 dalla
1165 1472 1297 1538 Ninfa-
1323 1473 1473 1516 Pirene
1497 1472 1536 1515 {a
1562 1472 1687 1530 quale

272 1555 514 1601 compressa
537 1544 589 1588 da
610 1544 775 1599 Ercole,
798 1559 821 1589 e
842 1545 1024 1590 lacerata
1043 1546 1154 1591 dalle
1169 1545 1284 1601 flere,
1303 1549 1420 1590 resto
1438 1547 1494 1591 ivi
1513 1547 1689 1604 sepulta.

1627 1619 1691 1679 (*)

719 1731 770 1774 P.
801 1732 861 1775 id.
893 1732 990 1788 qu.
1024 1732 1083 1775 Π.
1106 1749 1142 1775 v.
1167 1731 1239 1776 67.

376 1801 470 1853 295)
489 1802 610 1842 Pado.
627 1803 825 1856 Desiqnat
842 1803 970 1842 locum
989 1803 1030 1842 in
1048 1817 1127 1857 quo
1145 1812 1238 1853 stat,
1256 1805 1429 1846 scilicet:
1448 1805 1695 1845 Ravennam.

1581 1869 1628 1911 C.
1647 1869 1693 1909 L.

364 2005 473 2064 296)
497 2007 573 2050 Del
594 2008 653 2051 Po
675 2007 719 2051 fu
743 2008 858 2052 detto
892 2009 968 2066 piu
1000 2021 1139 2066 sopra.
1161 2007 1196 2052 ll
1220 2007 1444 2053 Rubicone
1467 2009 1537 2066 poi
1562 2010 1586 2053 e
1609 2008 1690 2053 fiu-

273 2094 340 2124 me
361 2094 510 2138 presso
533 2081 706 2135 Ceseua,
729 2083 806 2127 che
830 2097 916 2127 non
939 2083 1071 2141 lunge
1093 2083 1147 2127 da
1171 2082 1269 2140 quel
1288 2088 1431 2140 porto,
1451 2083 1485 2126 si
1506 2091 1620 2140 getta
1644 2085 1689 2127 in

274 2166 404 2208 mare,
425 2169 449 2199 e
472 2156 551 2200 che
571 2156 615 2200 in
639 2157 777 2202 antico
799 2171 983 2215 segnava
1006 2158 1034 2201 il
1057 2158 1240 2202 termine
1257 2157 1506 2212 dell’ltalia,
1530 2158 1690 2202 d'onde

275 2229 317 2271 la
337 2227 559 2274 bellissima
579 2231 777 2288 ipotiposi
795 2233 904 2276 nella
925 2232 1139 2291 Farsaglia
1156 2233 1198 2277 di
1217 2234 1407 2286 Lucano,
1425 2232 1533 2277 dove
1553 2233 1687 2277 Roma

278 2303 311 2346 εἰ
335 2311 531 2359 presenta
553 2319 576 2348 a
599 2305 750 2350 Cesare
771 2307 962 2351 nell'atto
986 2308 1028 2350 in
1051 2309 1118 2354 cui
1135 2308 1218 2367 egli
1235 2315 1298 2353 sta
1318 2322 1396 2366 per
1413 2321 1586 2367 passare
1603 2309 1690 2353 col·

279 2376 416 2420 l'armi
447 2376 487 2421 le
508 2379 670 2436 sponde
691 2379 759 2423 del
784 2379 1013 2426 Rubicone.
1631 2380 1690 2442 (*)

725 2528 773 2570 Ρ.
806 2529 862 2572 id.
897 2531 992 2586 qu.
1025 2531 1085 2574 II.
1108 2548 1143 2574 v.
1167 2530 1236 2577 68.

373 2596 885 2652 297)Aemitida,1eggerei
899 2602 1070 2642 Aemilia
1085 2603 1123 2642 di
1138 2611 1243 2642 sesto
1257 2615 1365 2655 caso,
1379 2614 1546 2644 ovvero:
1561 2605 1692 2646 Aemi-

278 2660 395 2702 liam:
423 2674 443 2701 e
463 2660 500 2701 di
520 2669 624 2703 sotto
645 2663 682 2703 ul
701 2676 737 2705 v.
758 2664 821 2705 ⁷1.
855 2665 1107 2716 Tm'nacriraee,
1126 2679 1147 2706 o
1173 2666 1443 2708 Trinacridis:
1459 2681 1524 2709 ma
1545 2670 1648 2710 forse
1669 2684 1690 2709 a
