2002 3230
333 309 389 351 78

333 393 438 448 Sic,
478 392 644 441 divine
683 407 849 453 senex,
888 392 952 440 ah
989 392 1061 440 sic
1101 392 1199 441 eris
1231 391 1363 441 alter
1399 392 1463 441 ab
1501 392 1624 442 illo.-

334 479 507 546 (Alter
545 497 618 536 es,
658 488 747 530 aut
781 479 938 536 idem,
978 479 1149 531 Samio
1188 480 1233 530 si
1269 479 1473 531 credere
1510 481 1615 530 vati
1652 482 1791 549 ests)

338 569 419 621 Sic
460 569 611 620 liceat
645 568 844 637 Mopse,
883 569 1014 620 sicut
1052 569 1195 620 licuit
1229 569 1491 620 Meliboee.
1761 570 1826 620 35

333 660 477 712 Eheu
509 660 748 728 pulvereo
789 660 926 728 quod
961 668 1060 711 stes
1096 660 1151 710 in
1189 660 1402 728 tegmine
1439 660 1648 717 scabre,

332 751 400 802 Et
435 751 616 802 merito
656 750 932 818 indiqnans
970 749 1214 817 singultes
1247 766 1444 816 pascua
1482 748 1635 800 Sarni

334 843 502 912 Rapta
542 843 641 893 tuis
679 842 943 910 qreqibus,
979 842 1217 908 inqratae
1257 840 1471 891 dedecus
1507 841 1626 891 urbi
1645 860 1664 899 ;

335 935 638 985 Humectare
678 950 832 1000 yenas
872 924 1221 998 lacrymarum
1254 928 1483 996 flumine,
1519 929 1694 997 Mopso

335 1023 495 1074 Parce
533 1032 643 1080 tue,
679 1039 770 1072 nec
810 1031 854 1072 te
891 1020 1065 1071 crucia
1103 1018 1324 1070 crudelis
1362 1027 1410 1069 et
1443 1019 1623 1069 illum!
1761 1019 1830 1070 40

339 1111 494 1180 Cujus
533 1129 682 1162 amor
717 1119 937 1168 tantum,
976 1118 1172 1160 tantum
1198 1109 1573 1178 complectitur,
1599 1109 1831 1177 inquam,

335 1203 450 1255 Jam
488 1212 555 1261 te,
595 1202 781 1254 blande
818 1219 993 1259 senem,
1031 1209 1222 1269 quanto
1262 1200 1585 1268 circumliyat
1618 1199 1810 1250 ulmum

337 1294 616 1345 Procerum
651 1294 768 1344 vitis
802 1310 894 1361 per
931 1300 1129 1343 centum
1163 1290 1371 1341 vincula
1406 1307 1554 1340 nexu.

342 1385 403 1442 O,
441 1385 487 1435 si
523 1383 729 1452 quando
767 1399 945 1434 sacros
982 1383 1166 1433 iterum
1200 1380 1470 1448 flavescere
1508 1396 1664 1430 canos

340 1475 504 1526 Fonte
543 1484 627 1525 tuo
666 1474 864 1531 videas,
903 1481 950 1523 et
985 1473 1050 1524 ab
1088 1473 1201 1540 ipsa
1236 1470 1456 1521 Phillide
1487 1486 1671 1538 pexos,
1766 1468 1833 1518 45

349 1565 514 1626 Quam
550 1563 758 1614 visendo
799 1571 912 1613 tuas
951 1569 1132 1629 teqetes
1167 1559 1442 1611 miraberis
1477 1558 1659 1609 ulvas!

339 1652 431 1702 Ast
467 1651 821 1702 intermedium
854 1650 1032 1718 pariat
1065 1667 1127 1699 ne
1165 1649 1337 1699 taedia
1374 1657 1589 1716 tempus,

339 1743 590 1794 Laetitiae
626 1751 855 1811 spectare
888 1750 1056 1810 potes,
1095 1741 1277 1808 quibus
1316 1741 1451 1790 otior
1489 1740 1675 1796 antris,

342 1833 411 1885 Et
445 1850 639 1884 mecum
673 1849 927 1900 pausare:
965 1830 1117 1881 simul
1155 1830 1474 1881 cantabimus
1512 1829 1661 1879 ambo
1677 1849 1700 1888 ,-

344 1922 457 1990 Ipse
498 1922 593 1972 levi
630 1921 856 1978 calamO,
895 1919 982 1970 sed
1021 1928 1073 1970 tu
1105 1919 1355 1987 yravitate
1391 1918 1694 1987 mayistrum
1768 1917 1834 1968 50

347 2011 577 2062 Firmius
614 2012 906 2069 insinuans,
943 2029 1003 2060 ne
1043 2027 1187 2077 quem
1225 2027 1318 2060 sua
1356 2009 1557 2059 deserat
1593 2016 1748 2057 aetas.
