2002 3230
1580 284 1670 327 465

256 371 477 429 Cartagine
492 389 504 424 3
522 370 599 414 che
622 369 758 428 figura
781 376 845 414 tra
864 371 876 413 i
899 370 1003 413 vinti
1027 371 1078 413 da
1098 370 1312 414 Menesteo
1330 369 1399 414 nel
1417 373 1570 428 giuoco
1595 385 1671 415 na-

253 448 345 492 vale
364 447 574 492 celebrato
592 449 634 490 in
653 460 787 491 onore
805 445 1039 498 d'Anchise;
1060 460 1082 489 e
1100 447 1177 490 che
1189 459 1266 503 per
1284 446 1436 489 ultimo
1455 447 1668 491 vaiorosa-

253 529 396 565 mente
413 520 636 574 combatte,
653 520 824 578 quando
842 521 880 563 ie
896 521 1003 564 armi
1026 520 1223 574 Troiane,
1241 522 1469 577 congiunte
1488 535 1509 564 a
1529 522 1670 579 quelle

255 595 516 640 dell'Arcade
535 596 746 648 Evandro,
769 608 958 640 mosset-0
981 603 1130 639 contro
1149 595 1310 649 Turno,
1340 596 1417 639 che
1439 609 1492 640 ne
1515 599 1668 642 rimase

253 670 433 714 disfatto.
450 670 532 722 Qui
552 670 620 727 poi
640 669 839 726 Sergesto
857 670 880 713 e
895 669 1110 713 ricordato
1128 670 1306 727 rispetto
1324 669 1403 713 alla
1424 670 1514 714 sola
1532 670 1668 714 circo-

254 752 413 797 smum,
431 744 474 787 in
491 745 557 788 cui
575 744 614 787 le
629 745 714 788 risa
733 743 845 801 degli
867 743 1087 801 spettatori
1105 756 1504 802 accompagnarono
1528 745 1568 790 la
1592 758 1667 790 sua

256 819 424 864 disfatta
447 820 732 864 nell'indicato
750 826 950 864 certame.
966 818 1058 876 (En.
1074 818 1144 863 lib.
1163 818 1346 878 v.).-La
1366 818 1531 864 Sicania
1555 822 1578 864 e
1599 835 1668 865 re-

257 896 383 952 gione
401 895 508 939 della
530 894 699 953 Spagna
722 906 869 952 presso
891 894 920 936 il
937 893 1065 938 fiume
1083 894 1245 948 Sicano,
1267 894 1376 939 dove
1393 908 1453 939 un
1474 896 1666 950 castello,

256 981 314 1011 un
336 981 398 1016 re,
419 969 473 1012 ed
505 982 564 1013 un
588 968 745 1026 popolo
768 968 879 1012 dello
899 974 1033 1011 stesso
1066 981 1204 1022 nome,
1229 968 1307 1012 che
1328 970 1372 1012 in
1394 970 1668 1027 remotisqimi

254 1042 386 1099 tempi
407 1042 460 1086 da
477 1042 519 1086 di
539 1042 581 1086 ia
601 1043 723 1099 passo
744 1056 769 1086 a
790 1041 991 1086 stabilirsi
1015 1042 1057 1085 in
1076 1043 1227 1096 Sicilia,
1251 1043 1291 1086 la
1313 1044 1440 1101 quale
1462 1050 1664 1102 portanto

257 1115 462 1160 comiucio
485 1116 538 1159 ad
561 1129 698 1161 essere
720 1116 987 1160 denominata
1012 1116 1184 1160 Sicania.
1619 1121 1672 1177 (*)

714 1263 763 1307 P.
790 1261 861 1306 88.
878 1264 972 1320 qu.
991 1264 1051 1308 11.
1074 1281 1109 1306 v.
1135 1264 1206 1308 31.

355 1333 449 1388 261)
468 1330 610 1375 Sican'i.
631 1335 827 1376 Siciliani.
1561 1342 1607 1384 C.
1627 1343 1675 1382 L.

713 1476 760 1519 P.
793 1478 851 1522 id.
882 1479 976 1535 qu.
999 1480 1058 1523 11.
1080 1498 1116 1523 v.
1141 1481 1211 1525 52.

356 1546 449 1599 262)
469 1547 625 1597 Senior,
643 1548 807 1589 scilicet:
833 1549 995 1603 Tityrus
1010 1574 1062 1583 —-
1078 1565 1237 1606 canum,
1254 1564 1385 1608 caput.
1563 1555 1606 1597 C.
1627 1557 1675 1596 L.

356 1685 451 1740 263)
470 1686 653 1739 Sustulit,
670 1689 839 1729 elevavit
865 1712 917 1720 —-
935 1690 1094 1739 efflanti,
1135 1690 1302 1731 scilicet:
1323 1692 1493 1734 Melibeo
1510 1717 1561 1724 —
1579 1696 1676 1749 infit,

250 1752 361 1792 dixit.
382 1787 383 1790 ,
1565 1761 1611 1804 C.
1631 1764 1676 1804 L.

702 1909 750 1951 P.
774 1908 846 1953 90.
869 1911 965 1966 qu.
998 1912 1057 1955 ΙΙ.
1090 1929 1126 1954 v.
1149 1911 1221 1955 37.

357 1977 452 2031 264)
473 1979 609 2027 Quum.
625 1980 704 2020 Per
716 1981 863 2033 toglier
879 1981 1112 2036 l’ambiguo‚
1126 1985 1203 2024 m’e
1222 1994 1365 2037 paruto
1385 1987 1485 2028 bene
1503 1989 1678 2030 scrivere

253 2031 375 2094 quum
391 2043 526 2085 invece
548 2044 586 2084 di
604 2057 706 2095 cum,
727 2046 863 2086 ch'era
881 2047 946 2086 nel
964 2060 1037 2088 ms.
1624 2055 1675 2095 D,

686 2188 737 2232 P.
769 2190 827 2234 id.
861 2190 957 2248 qu.
989 2191 1049 2235 ΙΙ.
1084 2208 1121 2235 v.
1154 2190 1226 2234 38.
1310 2231 1314 2234 ,

361 2254 456 2308 265)
477 2256 538 2297 Ad
558 2270 690 2313 aures,
707 2268 868 2302 nostras
892 2261 1040 2315 Tytiri‚
1058 2271 1098 2303 et
1115 2258 1385 2316 Alphesiboei.
1564 2267 1611 2310 C.
1630 2269 1678 2309 L.

701 2399 751 2443 P.
783 2401 842 2444 id.
874 2401 971 2459 qu.
1003 2403 1062 2446 II.
1095 2421 1131 2447 v.
1155 2405 1226 2449 39.

359 2467 453 2521 266)
471 2469 639 2524 Verum,
655 2472 729 2512 sed
742 2495 759 2504 -
773 2481 832 2522 ut,
850 2473 975 2515 idest.-
990 2483 1217 2530 postquam.
1562 2481 1611 2523 G.
1630 2482 1678 2523 L.

703 2611 751 2656 P.
784 2615 842 2658 id.
878 2617 975 2673 qu.
1006 2618 1064 2662 II.
1098 2635 1134 2662 v.
1157 2618 1230 2662 44.

359 2680 452 2733 267)
472 2681 714 2735 Principium
733 2684 917 2739 quoqae
937 2688 1082 2730 missae
1102 2704 1127 2730 a
1145 2691 1335 2746 maqislro
1350 2693 1548 2736 Jokanne.
1561 2694 1610 2739 G.
1629 2696 1678 2738 L.
