2002 3230
337 294 395 335 94

338 376 434 427 Sed
472 390 780 442 quamquam
815 373 970 425 viridi
1006 374 1108 423 sint
1137 374 1493 442 postponenda
1528 374 1701 426 Pelori

337 454 544 505 AEtnica
581 472 709 504 saaca
746 453 883 510 solo,
920 453 1150 521 Mopsum
1185 453 1386 504 visurus
1423 454 1618 504 adirem

339 534 463 584 Heic
502 550 651 600 qreqe
689 532 924 590 dimisso,
960 533 1016 582 ni
1052 541 1097 583 te
1132 532 1422 599 Polipheme
1460 532 1699 583 timerem.
1761 531 1827 583 75

303 1208 311 1218 .
343 1164 468 1227 Quis
505 1164 852 1233 Polyphemon
886 1181 992 1214 non
1028 1164 1258 1221 horreat,
1289 1164 1684 1232 Alphesiboeus,

337 1244 604 1295 Ass-netum
639 1245 798 1295 rictus
835 1245 1056 1294 humano
1095 1243 1342 1311 sanquine
1381 1243 1510 1311 tinyi

341 1325 583 1391 Tempore
611 1322 725 1390 jam
763 1341 822 1374 ex
858 1323 975 1380 illo,
1014 1322 1217 1390 quando
1259 1320 1478 1372 Galatea
1513 1321 1682 1372 relicti

336 1403 510 1453 Acidis
549 1403 671 1452 eheu
705 1402 881 1453 miseri
918 1401 1202 1469 discerpere
1237 1401 1434 1451 viscera
1468 1400 1638 1451 vidit?

341 1483 437 1534 Viae
473 1482 567 1533 illa
605 1482 791 1532 evasit.-
830 1499 898 1532 an
933 1482 1007 1531 vis
1043 1481 1287 1531 valuisset
1323 1480 1540 1537 amoris,
1762 1481 1831 1531 80

336 1561 510 1630 Effera
549 1561 667 1611 dum
703 1561 872 1611 rabies
911 1567 1053 1610 tanta
1086 1558 1372 1627 perferbuit
1405 1558 1527 1608 ira?

338 1640 474 1701 Quid
499 1640 635 1707 quod
658 1639 1074 1696 Achaemenides,
1099 1638 1359 1689 sociorum
1384 1637 1536 1688 caede
1562 1646 1824 1688 cruentum

342 1718 559 1769 Tantum
590 1718 935 1786 prospiciens,
974 1718 1198 1769 animam
1232 1716 1318 1767 vix
1355 1716 1591 1767 claudere
1629 1715 1828 1784 quivit?

337 1797 414 1848 Ah
449 1815 560 1849 mea
597 1798 700 1848 vita
733 1816 941 1866 precor,
979 1814 1240 1865 nunquam
1278 1805 1380 1847 tam
1418 1796 1534 1847 dira
1567 1795 1804 1864 voluptas

341 1876 406 1927 Te
438 1885 655 1943 premat,
691 1885 747 1927 ut
780 1876 1003 1934 Rhenus,
1042 1885 1089 1926 et
1118 1874 1274 1942 Najas
1311 1874 1406 1925 illa
1440 1875 1675 1925 recludat
1758 1875 1827 1924 85

340 1954 448 2006 Hoc
484 1956 684 2006 illustre
722 1964 896 2024 caput,
935 1955 1018 2006 cui
1044 1955 1158 2022 jam
1193 1952 1469 2020 frondator
1503 1953 1558 2003 in
1594 1953 1703 2003 alta

342 2034 549 2102 Virqine
583 2043 854 2104 perpetuas
890 2035 1103 2103 festinat
1137 2049 1341 2083 cernere
1376 2032 1601 2099 frondes.
