2002 3230
354 299 411 342 64

323 384 403 435 En
440 402 528 452 eqo
557 383 670 451 jam
700 382 920 451 primus,
956 382 1001 432 si
1037 381 1244 450 diqnum
1281 381 1487 432 duxeris
1506 397 1634 437 esse,
1732 379 1797 432 35

327 463 551 516 Clericus
585 461 855 524 Aonidum,
890 460 1084 512 vocalis
1118 479 1273 512 verna
1307 460 1558 519 Maronis,

324 544 562 595 Promere
599 541 877 610 yymnasiis
915 549 960 592 te
996 531 1287 592 delectabor
1322 549 1561 592 ovantum

322 622 522 690 Inclyta
556 621 732 673 Peneis
767 620 1076 673 redolentem
1112 629 1339 690 tempora
1374 622 1547 673 sertis.-

324 702 390 754 Ut
418 702 707 771 praefectus
744 719 870 771 equo
907 700 1007 752 sibi
1036 700 1240 769 plaudit
1269 718 1459 770 praeco
1496 717 1713 752 sonorus

322 780 477 832 Festa
515 781 758 849 trophaea
793 779 937 833 ducis
967 779 1159 848 populo
1192 780 1524 848 praetendere
1561 779 1709 830 laeto.
1731 776 1799 827 40

322 1094 433 1146 Iam
469 1095 591 1147 mihi
627 1095 889 1146 bellisonis
924 1094 1132 1145 horrent
1167 1093 1496 1163 clangoribus
1532 1109 1696 1145 aures.

326 1173 461 1235 Quid
492 1183 642 1243 pater
676 1173 967 1242 Apenninus
1002 1171 1143 1222 hiat?
1181 1172 1317 1235 Quid
1352 1173 1575 1226 concitat
1609 1187 1802 1239 aequor

328 1253 626 1304 Tirrhenum
659 1252 883 1304 Nereus?
922 1250 1057 1314 Quid
1091 1251 1228 1303 Mars
1262 1252 1518 1321 infrendet
1547 1249 1801 1319 utroque?

329 1332 496 1400 Tanqe
533 1332 733 1401 chelyn,
771 1340 938 1383 tantos
974 1331 1233 1382 hominum
1269 1350 1525 1401 compesce
1561 1330 1779 1383 labores.

324 1651 385 1703 Ni
421 1650 562 1702 canis
586 1648 723 1708 haec,
763 1648 895 1699 alios
931 1665 964 1697 a
999 1655 1044 1697 te
1074 1647 1341 1716 pendendo
1372 1651 1569 1713 poetas,
1733 1642 1803 1694 45

329 1731 568 1783 Omnibus
603 1738 658 1780 ut
693 1728 832 1781 solus
869 1727 1035 1784 dicas,
1070 1727 1265 1779 indicta
1299 1724 1598 1777 manebunt.

329 2051 382 2104 Si
418 2060 582 2102 tamen
616 2047 835 2101 Eridani
867 2045 992 2097 mihi
1025 2060 1162 2112 spem
1195 2041 1462 2093 medianne
1498 2041 1682 2093 dedisti

331 2129 480 2192 Quod
514 2128 703 2185 visare,
737 2125 872 2195 notis
908 2141 985 2174 me
1021 2119 1308 2190 diynareris
1344 2119 1545 2178 amicis,

328 2208 423 2259 Nec
456 2207 594 2275 piqet
629 2222 829 2256 enerves
862 2218 1100 2253 numeros
1138 2198 1316 2267 leqisse
1348 2198 1593 2267 priorem,

331 2287 470 2349 Quos
506 2283 683 2352 strepit
717 2289 899 2350 arquto
937 2277 1235 2331 temerarius
1271 2295 1426 2328 anser
1458 2277 1618 2336 olori,
1736 2277 1803 2330 50

330 2362 648 2432 Respondere
682 2359 829 2417 velis,
865 2366 954 2410 aut
987 2357 1180 2410 solvere
1215 2362 1356 2415 vota,
1390 2356 1646 2424 maqister.
