2002 3230
349 286 407 328 92

348 370 613 420 Murmure
636 368 883 436 pandenti
921 369 1216 436 turpissima
1256 378 1483 437 tempora
1519 371 1678 438 reqis,

351 449 452 510 Qui
478 447 630 515 jussu
664 447 859 498 Bromii
894 447 1164 498 Pactolida
1202 449 1352 499 tinxit
1389 449 1639 500 arenam?

353 526 501 587 Quod
537 534 679 577 vocet
715 526 781 576 ad
820 526 938 576 litus
973 525 1191 576 AEtnaeo
1225 527 1424 594 pumice
1465 536 1668 584 tectum,

348 604 634 655 Fortunate
671 622 838 667 senex,
875 604 1010 672 falso
1046 622 1108 655 ne
1146 604 1292 655 crede
1328 605 1522 672 favori,
1771 604 1838 656 55

349 683 416 734 Et
451 683 705 735 Driadum
740 684 978 735 miserere
1018 683 1141 742 loci,
1173 701 1515 753 pecorumque
1553 693 1770 735 tuorum.

353 762 419 814 Te
447 763 602 831 juqa,
642 773 686 814 te
724 763 884 815 saltus
920 763 1108 821 nostri,
1149 771 1194 813 te
1227 763 1439 832 flumina
1474 763 1665 832 flebunt

349 841 637 900 Absentem,
677 851 725 892 et
757 842 1013 910 Nymphae
1048 858 1242 892 mecum
1274 841 1457 910 pejora
1496 842 1745 900 timentes:

349 920 418 971 Et
453 921 601 972 cadet
635 921 854 979 invidia,
893 938 1046 989 quam
1080 937 1214 970 nunc
1252 920 1402 970 habet
1425 920 1531 988 ipse
1557 919 1845 971 Pachinus:

351 999 452 1051 Nos
491 1018 688 1068 quoque
722 1008 956 1068 pastores
996 1008 1039 1049 te
1077 999 1372 1066 coynovisse
1404 999 1613 1067 piqebit.
1777 999 1847 1050 60

351 1077 637 1129 Fortunate
675 1096 848 1136 senex,
886 1078 1051 1145 fontes
1089 1086 1135 1127 et
1165 1077 1362 1146 pabula
1397 1086 1522 1128 nota

351 1154 622 1207 Desertare
661 1164 745 1207 tuo
784 1155 949 1207 vivaci
979 1155 1183 1206 nomine
1219 1155 1370 1207 nolis.

318 1989 327 1999 .
357 1951 395 2001 0
431 1950 702 2017 plusquam
738 1948 906 1999 media
942 1948 1124 1998 merito
1155 1964 1283 2015 pars
1313 1943 1537 2014 pectoris
1574 1941 1723 2009 hujus

359 2027 545 2094 (Atque
582 2043 729 2077 suum
766 2026 956 2093 tetiyit)
998 2026 1272 2092 lonyaevus
1312 2024 1517 2090 Tityrus
1554 2019 1718 2087 inquit
1731 2038 1755 2075 ;

357 2105 560 2173 Mopsus
599 2122 773 2157 amore
805 2105 926 2174 pari
960 2120 1155 2154 mecum
1191 2118 1446 2153 connexus
1483 2099 1546 2149 ob
1584 2097 1722 2158 illas>
1777 2094 1845 2145 65

360 2186 503 2247 Quae
538 2185 670 2236 male
708 2185 999 2252 gliscentem
1035 2182 1208 2234 timide
1244 2182 1419 2250 fuqere
1454 2178 1760 2246 Pyreneum,

356 2265 537 2317 Litora
575 2264 755 2315 dextra
791 2263 934 2315 Pado
972 2270 1116 2313 ratus
1154 2279 1186 2312 a
1221 2260 1481 2312 Rubicone
1517 2255 1729 2308 sinistra

358 2345 433 2397 Me
472 2344 639 2395 colere
676 2342 948 2409 AEmilida
988 2359 1088 2410 qua
1127 2339 1365 2391 terminat
1400 2335 1561 2388 Adria
1599 2342 1812 2389 terram,

361 2423 552 2474 Litoris
588 2407 795 2474 AEtnaei
831 2420 1149 2472 commendat
1180 2436 1376 2487 pascua
1411 2415 1588 2467 nobis.-

358 2503 564 2554 Nescius
600 2503 653 2552 in
690 2511 862 2552 tenera
899 2500 1035 2568 quod
1069 2518 1163 2550 nos
1202 2499 1300 2549 duo
1341 2497 1566 2565 deqimus
1604 2492 1759 2544 herba
1779 2469 1847 2542 70

364 2581 701 2633 Trinacridae
738 2582 947 2639 montis
987 2597 1084 2648 quo
1121 2596 1225 2628 non
1263 2574 1561 2644 foecundius
1601 2573 1730 2624 alter

362 2658 615 2710 Montibus
654 2660 707 2710 in
744 2659 927 2712 Siculis
960 2658 1179 2727 pecudes
1219 2662 1545 2721 armentaque
1578 2651 1732 2720 pavit.
